ISA*00*          *00*          *ZZ*SENDERID       *ZZ*RECEIVERID     *210101*0500*^*00501*123456789*0*P*:~
GS*RA*SENDERID*RECEIVERID*20210101*0500*1*X*005010X218~
ST*820*0001*005010X218~
BPR*C*1500*C*ACH*CTX*01*123456789*DA*123456*1234567890*01*987654321*DA*987654*9876543210*20210101~
TRN*1*1234567890*1000123456~
REF*TN*1701~
DTM*097*20210101~
N1*PR*COMPANY NAME*FI*123456789~
N1*PE*VENDOR NAME*FI*987654321~
ENT*1***~
RMR*IV*INV12345**500~
DTM*003*20201215~
RMR*IV*INV12346**1000~
DTM*003*20201216~
SE*14*0001~
GE*1*1~
IEA*1*123456789~